@article{SIFTflow,
author = {Ce Liu and Jenny Yuen and Antonio Torralba},
title = {SIFT Flow: Dense Correspondence across Scenes and Its Applications},
journal ={IEEE Transactions on Pattern Analysis and Machine Intelligence},
volume = {33},
number = {5},
issn = {0162-8828},
year = {2011},
pages = {978-994},
doi = {http://doi.ieeecomputersociety.org/10.1109/TPAMI.2010.147},
publisher = {IEEE Computer Society},
address = {Los Alamitos, CA, USA},
}

@article{averageExplorer,
 author = {Jun-Yan Zhu and Yong Jae Lee and Alexei A Efros},
 title = {AverageExplorer: Interactive Exploration and Alignment of Visual Data Collections},
 journal = {ACM Transactions on Graphics (SIGGRAPH 2014)},
 volume = {33},
 number = {4},
 year = {2014},
}

@InProceedings{HOG,
  author       = "Navneet Dalal and Bill Triggs",
  title        = "Histograms of Oriented Gradients for Human Detection",
  booktitle    = "International Conference on Computer Vision \& Pattern Recognition",
  volume       = "2",
  pages        = "886-893",
  month        = "June",
  year         = "2005",
  editor       = "Cordelia Schmid and Stefano Soatto and Carlo Tomasi",
  address      = "INRIA Rh\^one-Alpes, ZIRST-655, av. de l'Europe, Montbonnot-38334",
  keywords     = "LEAR, ACEMEDIA, LAVA",
  url          = "http://lear.inrialpes.fr/pubs/2005/DT05"
}